% For style examples, see e.g. https://verbosus.com/bibtex-style-examples.html                    or                    https://www.economics.utoronto.ca/osborne/latex/BIBTEX.HTM


%==========================================================
%----------------------- TEMPLATES ------------------------
%==========================================================

@book
{
    Sakurai,
    AUTHOR      = {Sakurai, J. J. and Napolitano, J.},
    TITLE       = {Modern Quantum Mechanics},
    PUBLISHER   = {Cambridge University Press},
    YEAR        = {2017},
    EDITION     = {2},
    ISBN        = {978-1-108-42241-3 Hardback}, % optional
    ADDRESS     = {Cambridge, United Kingdom}
} 


@article
{
    article,
    AUTHOR      = {Einstein, Albert and Newton, Isaac}, 
    TITLE       = {The title of the work}, 
    JOURNAL     = {The name of the journal}, 
    VOLUME      = {4},  
    YEAR        = {1993}, 
    PAGES       = {201--213}, 
    DOI         = {10.1101/838383} % optional
}

%==========================================================
%----------------------- ARTICLES -------------------------
%==========================================================

@article
{
    Bose1924,
    AUTHOR      = {Bose, Satyendra Nath}, 
    TITLE       = {Plancks Gesetz und Lichtquantenhypothese (Planck’s Law and Light Quantum Hypothesis)}, 
    JOURNAL     = {Zeitschrift für Physik}, 
    VOLUME      = {26},  
    YEAR        = {1924}, 
    PAGES       = {178--181}, 
}


@article
{
    BEC1924,
    AUTHOR      = {Einstein, Albert}, 
    TITLE       = {Quantentheorie des einatomigen idealen Gases (Quantum theory of monatomic ideal gases)}, 
    JOURNAL     = {Zeitschrift für Physik}, 
    VOLUME      = {26},  
    YEAR        = {1924}, 
    PAGES       = {261--267}, 
}


@article{BEC1925,
  title={Quantentheorie des einatomigen idealen Gases. Zweite Abhandlung (Quantum theory of monatomic ideal gases, part two)},
  author={Einstein, Albert},
  journal={SBd Preuss. Akad. Wiss. Ber},
  volume={1},
  number={3},
  year={1925}
}


@article{
    BEC1995,
    author = {M. H. Anderson  and J. R. Ensher  and M. R. Matthews  and C. E. Wieman  and E. A. Cornell },
    title = {Observation of Bose-Einstein Condensation in a Dilute Atomic Vapor},
    journal = {Science},
    volume = {269},
    number = {5221},
    pages = {198-201},
    year = {1995},
}

@article{Dalfovo1999,
  title = {Theory of Bose-Einstein condensation in trapped gases},
  author = {Dalfovo, Franco and Giorgini, Stefano and Pitaevskii, Lev P. and Stringari, Sandro},
  journal = {Rev. Mod. Phys.},
  volume = {71},
  issue = {3},
  pages = {463--512},
  year = {1999},
}

@article{DuBois2001,
  title = {Bose-Einstein condensation in trapped bosons:  A Variational Monte Carlo analysis},
  author = {DuBois, J. L. and Glyde, H. R.},
  journal = {Phys. Rev. A},
  volume = {63},
  issue = {2},
  pages = {023602},
  year = {2001},
}

@article{MALA,
 title = {Representations of Knowledge in Complex Systems},
 author = {Ulf Grenander and Michael I. Miller},
 journal = {Journal of the Royal Statistical Society. Series B (Methodological)},
 volume = {56},
 number = {4},
 pages = {549--603},
 year = {1994}
}

@article{FermiNet,
  title = {Ab initio solution of the many-electron Schr\"odinger equation with deep neural networks},
  author = {Pfau, David and Spencer, James S. and Matthews, Alexander G. D. G. and Foulkes, W. M. C.},
  journal = {Phys. Rev. Research},
  volume = {2},
  issue = {3},
  pages = {033429},
  numpages = {20},
  year = {2020},
  month = {Sep},
  publisher = {American Physical Society},
  doi = {10.1103/PhysRevResearch.2.033429},
  url = {https://link.aps.org/doi/10.1103/PhysRevResearch.2.033429}
}
